<?xml version="1.0" encoding="UTF-8"?><collection xmlns="http://www.loc.gov/MARC21/slim"><record><leader>00485nam--2200193-u-4500</leader><controlfield tag="001">000052241</controlfield><controlfield tag="002">20161230</controlfield><controlfield tag="005">20161230201050</controlfield><controlfield tag="008">100601s1000------------r-----000-0-RUS-d</controlfield><datafield ind1=" " ind2=" " tag="040"><subfield code="a">IFIN-HH</subfield></datafield><datafield ind1=" " ind2=" " tag="041"><subfield code="a">RUS</subfield></datafield><datafield ind1=" " ind2=" " tag="080"><subfield code="a">519.112</subfield></datafield><datafield ind1=" " ind2=" " tag="110"><subfield code="a">Akademia Nauk Moldavskoi Ccp</subfield></datafield><datafield ind1="1" ind2="0" tag="245"><subfield code="a">Kvazigruppii i kombinatorika</subfield></datafield><datafield ind1=" " ind2=" " tag="260"><subfield code="a">Kisinev</subfield><subfield code="b">Stiinta</subfield><subfield code="c">1976</subfield></datafield><datafield ind1=" " ind2=" " tag="300"><subfield code="a">212P</subfield></datafield><datafield ind1=" " ind2=" " tag="490"><subfield code="a">Matematicekie Issledovania</subfield><subfield code="v">Vol.43</subfield></datafield><datafield ind1=" " ind2=" " tag="852"><subfield code="a">45782</subfield><subfield code="c">519.2</subfield></datafield><datafield ind1=" " ind2=" " tag="CAT"><subfield code="a">Sys</subfield><subfield code="c">20100601</subfield><subfield code="h">105848</subfield></datafield></record></collection>